<record><leader>00000cas a2200000 a 4500</leader><controlfield tag="001">30308149</controlfield><controlfield tag="008">940421d1883189uiluwr ne      0   a0eng c</controlfield><datafield ind1=" " ind2=" " tag="010"><subfield code="a">sn 94054303 </subfield></datafield><datafield ind1=" " ind2=" " tag="040"><subfield code="a">NVF</subfield><subfield code="b">eng</subfield><subfield code="c">NVF</subfield><subfield code="d">CVF</subfield><subfield code="d">OCLCQ</subfield><subfield code="d">NVF</subfield><subfield code="d">CGU</subfield><subfield code="d">NVF</subfield><subfield code="d">OCLCQ</subfield><subfield code="d">OCLCF</subfield><subfield code="d">OCLCO</subfield><subfield code="d">NVF</subfield></datafield><datafield ind1=" " ind2=" " tag="042"><subfield code="a">pcc</subfield></datafield><datafield ind1=" " ind2=" " tag="043"><subfield code="a">n-us-il</subfield></datafield><datafield ind1="0" ind2="4" tag="245"><subfield code="a">The Joliet republic and sun.</subfield></datafield><datafield ind1=" " ind2=" " tag="250"><subfield code="a">Weekly ed.</subfield></datafield><datafield ind1=" " ind2=" " tag="260"><subfield code="a">Joliet, Ill. :</subfield><subfield code="b">Robert Mann Woods and John Woods,</subfield><subfield code="c">1883-[189-?]</subfield></datafield><datafield ind1=" " ind2=" " tag="300"><subfield code="a">v.</subfield></datafield><datafield ind1=" " ind2=" " tag="310"><subfield code="a">Weekly</subfield></datafield><datafield ind1="0" ind2=" " tag="362"><subfield code="a">Vol. 35, no. 36 (Jan. 5, 1883)-</subfield></datafield><datafield ind1=" " ind2=" " tag="515"><subfield code="a">Continues the numbering of: Joliet republic.</subfield></datafield><datafield ind1=" " ind2=" " tag="515"><subfield code="a">Issues for Jan. 5, 1883-&lt;Dec. 25, 1891&gt; called also whole no. 1804-&lt;3254&gt;.</subfield></datafield><datafield ind1=" " ind2=" " tag="530"><subfield code="a">Available on microfilm;</subfield><subfield code="b">Illinois State Historical Library.</subfield></datafield><datafield ind1=" " ind2=" " tag="580"><subfield code="a">Daily ed.: The Joliet daily republic and sun, 1883-&lt;1891&gt;.</subfield></datafield><datafield ind1=" " ind2=" " tag="580"><subfield code="a">Formed by the union of: Joliet republic and: Joliet sun (Joliet, Ill. : Weekly).</subfield></datafield><datafield ind1=" " ind2=" " tag="588"><subfield code="a">Latest issue consulted: Dec. 25, 1891.</subfield></datafield><datafield ind1=" " ind2="0" tag="651"><subfield code="a">Joliet (Ill.)</subfield><subfield code="v">Newspapers.</subfield></datafield><datafield ind1=" " ind2="7" tag="651"><subfield code="a">Illinois</subfield><subfield code="z">Joliet.</subfield><subfield code="2">fast</subfield><subfield code="0">(OCoLC)fst01205950</subfield></datafield><datafield ind1=" " ind2="7" tag="655"><subfield code="a">Newspapers.</subfield><subfield code="2">fast</subfield><subfield code="0">(OCoLC)fst01423814</subfield></datafield><datafield ind1=" " ind2=" " tag="752"><subfield code="a">United States</subfield><subfield code="b">Illinois</subfield><subfield code="c">Will</subfield><subfield code="d">Joliet.</subfield></datafield><datafield ind1="1" ind2=" " tag="775"><subfield code="t">Joliet daily republic and sun</subfield><subfield code="w">(DLC)sn 93057117</subfield><subfield code="w">(OCoLC)28679315</subfield></datafield><datafield ind1="0" ind2="8" tag="776"><subfield code="i">Microfilm version:</subfield><subfield code="t">Joliet republic and sun</subfield><subfield code="w">(DLC)  2010262077</subfield><subfield code="w">(OCoLC)643095631</subfield></datafield><datafield ind1="1" ind2="4" tag="780"><subfield code="t">Joliet republic</subfield><subfield code="w">(DLC)sn 94054302</subfield><subfield code="w">(OCoLC)30308085</subfield></datafield><datafield ind1="1" ind2="4" tag="780"><subfield code="t">Joliet sun (Joliet, Ill. : Weekly)</subfield><subfield code="w">(DLC)sn 85033753</subfield><subfield code="w">(OCoLC)12245175</subfield></datafield><datafield ind1="0" ind2="0" tag="785"><subfield code="t">Weekly Republican (Joliet, Ill.)</subfield><subfield code="w">(DLC)sn 94054304</subfield><subfield code="w">(OCoLC)30308188</subfield></datafield><datafield ind1="1" ind2=" " tag="029"><subfield code="a">AU@</subfield><subfield code="b">000010976660</subfield></datafield></record>